@article{Wilkinson2018a,
author = {Wilkinson, Ross D. and Cresswell, Andrew G. and Lichtwark, Glen A.},
year = {2018},
journal = {MSSE},
volume = {50:5S},
number = {poster},
title = {},
}

@article{Wilkinson2018b,
author = {Wilkinson, Ross D. and Cresswell, Andrew G. and Lichtwark, Glen A.},
year = {2018},
journal = {F1000},
volume = {7:1920},
number = {poster},
title = {},
}